<record xmlns="http://www.loc.gov/MARC21/slim" xmlns:xsi="http://www.w3.org/2001/XMLSchema-instance" xsi:schemaLocation="http://www.loc.gov/MARC21/slim http://www.loc.gov/standards/marcxml/schema/MARC21slim.xsd"><leader>     nam a22        4500</leader><controlfield tag="001">3063585</controlfield><controlfield tag="003">NNC</controlfield><controlfield tag="006">m        d        </controlfield><controlfield tag="007">cr cn |||m|||a</controlfield><controlfield tag="008">150313s1945    ua      ob    000 0 araod</controlfield><datafield ind1=" " ind2=" " tag="040"><subfield code="a">NNU</subfield><subfield code="b">eng</subfield><subfield code="e">rda</subfield><subfield code="c">NNU</subfield></datafield><datafield ind1="1" ind2=" " tag="100"><subfield code="a">&#699;Abd al-Ra&#772;ziq, Mus&#803;t&#803;afa&#769;,</subfield><subfield code="d">1886-1947.</subfield></datafield><datafield ind1="1" ind2="0" tag="245"><subfield code="a">Faylasu&#772;f al-&#699;Arab wa-al-mu&#699;allim al-tha&#772;ni&#772; /</subfield><subfield code="c">ta&#700;li&#772;f Mus&#803;t&#803;afa&#769; &#699;Abd al-Ra&#772;ziq.</subfield></datafield><datafield ind1=" " ind2=" " tag="260"><subfield code="a">[Cairo] :</subfield><subfield code="b">Da&#772;r Ih&#803;ya&#772;&#700; al-Kutub al-&#699;Arabi&#772;yah :</subfield><subfield code="b">&#699;I&#772;sa&#769; al-Ba&#772;bi&#772; al-H&#803;alabi&#772;,</subfield><subfield code="c">1364 [1945]</subfield></datafield><datafield ind1=" " ind2=" " tag="300"><subfield code="a">online resource (127 pages)</subfield></datafield><datafield ind1=" " ind2=" " tag="336"><subfield code="a">text</subfield><subfield code="2">rdacontent</subfield></datafield><datafield ind1=" " ind2=" " tag="337"><subfield code="a">computer</subfield><subfield code="2">rdamedia</subfield></datafield><datafield ind1=" " ind2=" " tag="338"><subfield code="a">online resource</subfield><subfield code="2">rdacarrier</subfield></datafield><datafield ind1="1" ind2=" " tag="490"><subfield code="a">Mu&#700;allafa&#772;t al-Jam&#699;i&#772;yah al-Falsafi&#772;yah al-Mis&#803;ri&#772;yah</subfield></datafield><datafield ind1=" " ind2=" " tag="500"><subfield code="a">Part of the Arabic Collections Online (ACO) project, contributed by Columbia University Libraries.</subfield></datafield><datafield ind1=" " ind2=" " tag="504"><subfield code="a">Includes bibliographical references.</subfield></datafield><datafield ind1="0" ind2=" " tag="505"><subfield code="a">Faylasu&#772;f al-&#699;Arab: al-Kindi&#772;.--al-Mu&#699;allim al-Tha&#772;ni&#772;: al-Fara&#772;bi&#772;.--al-Sha&#699;ir al-H&#803;aki&#772;m: al-Mutanabbi&#772;.--Bat&#803;ali&#772;mu&#772;s al-&#699;Arab: ibn al-Haytham.--Shaykh al-Isla&#772;m: Ibn Taymi&#772;yah.</subfield></datafield><datafield ind1=" " ind2=" " tag="533"><subfield code="a">Electronic reproduction.</subfield><subfield code="b">New York, N.Y. :</subfield><subfield code="c">New York University,</subfield><subfield code="d">2015.</subfield><subfield code="5">NNU</subfield></datafield><datafield ind1="0" ind2="0" tag="600"><subfield code="a">Kindi&#772;,</subfield><subfield code="d">-approximately 873.</subfield></datafield><datafield ind1="1" ind2="0" tag="600"><subfield code="a">Fa&#772;ra&#772;bi&#772;, Muh&#803;ammad ibn Muh&#803;ammad,</subfield><subfield code="d">874-950.</subfield></datafield><datafield ind1="0" ind2="4" tag="600"><subfield code="a">Alhazen,</subfield><subfield code="d">965-1039.</subfield></datafield><datafield ind1="1" ind2="4" tag="600"><subfield code="a">&#700;Ibn Taymi&#772;yah, &#700;Ah&#803;mad ibn &#699;Abd &#700;al-H&#803;ali&#772;m,</subfield><subfield code="d">1263-1328.</subfield></datafield><datafield ind1="2" ind2=" " tag="710"><subfield code="a">Columbia University.</subfield><subfield code="b">Libraries.</subfield></datafield><datafield ind1="0" ind2=" " tag="730"><subfield code="a">Arabic Collections Online.</subfield></datafield><datafield ind1="0" ind2="8" tag="776"><subfield code="i">Print version:</subfield><subfield code="a">&#699;Abd al-Ra&#772;ziq, Mus&#803;t&#803;afa&#769;, 1886-1947.</subfield><subfield code="t">Faylasu&#772;f al-&#699;Arab wa-al-mu&#699;allim al-tha&#772;ni&#772;</subfield><subfield code="w">(NNC)3063585</subfield><subfield code="w">(OCoLC)40699927</subfield></datafield><datafield ind1=" " ind2="0" tag="830"><subfield code="a">Mu&#700;allafa&#772;t al-Jam&#699;i&#772;yah al-Falsafi&#772;yah al-Mis&#803;ri&#772;yah.</subfield></datafield><datafield ind1="4" ind2="0" tag="856"><subfield code="u">http://hdl.handle.net/2333.1/547d7zxb</subfield></datafield><datafield ind1=" " ind2=" " tag="959"><subfield code="a">NNU</subfield><subfield code="b">WEB</subfield><subfield code="c">GENI</subfield><subfield code="t">0</subfield><subfield code="m">Electronic access</subfield><subfield code="s">01</subfield></datafield><datafield ind1=" " ind2=" " tag="999"><subfield code="i">NNC_3063585</subfield><subfield code="o">(OCoLC)ocm40699927 </subfield><subfield code="s">columbia_aco000590</subfield><subfield code="e">(ERROR-880)</subfield></datafield></record>